<?xml version="1.0" encoding="UTF-8"?><record xmlns="http://www.loc.gov/MARC21/slim" xmlns:cinclude="http://apache.org/cocoon/include/1.0" xmlns:zs="http://www.loc.gov/zing/srw/">
  <leader>00961cz  a2200169n  4500</leader>
  <controlfield tag="001">n 2007024638</controlfield>
  <controlfield tag="003">DLC</controlfield>
  <controlfield tag="005">20120817075205.0</controlfield>
  <controlfield tag="008">070409n| acannaabn          |a ana      </controlfield>
  <datafield tag="010" ind1=" " ind2=" ">
    <subfield code="a">n 2007024638</subfield>
  </datafield>
  <datafield tag="040" ind1=" " ind2=" ">
    <subfield code="a">DLC</subfield>
    <subfield code="b">eng</subfield>
    <subfield code="c">DLC</subfield>
    <subfield code="d">DLC</subfield>
  </datafield>
  <datafield tag="111" ind1="2" ind2=" ">
    <subfield code="a">Rencontre scientifique du Réseau doctoral européen</subfield>
  </datafield>
  <datafield tag="411" ind1="2" ind2=" ">
    <subfield code="a">Colloque du Réseau doctoral européen</subfield>
  </datafield>
  <datafield tag="411" ind1="2" ind2=" ">
    <subfield code="a">Réunion scientifique d'un Réseau doctoral européen</subfield>
  </datafield>
  <datafield tag="667" ind1=" " ind2=" ">
    <subfield code="a">THIS 1XX FIELD CANNOT BE USED UNDER RDA UNTIL THIS RECORD HAS BEEN REVIEWED AND/OR UPDATED</subfield>
  </datafield>
  <datafield tag="670" ind1=" " ind2=" ">
    <subfield code="a">Rencontre scientifique du Réseau doctoral européen (5th : 2003? : Besançon, France). Voies vers le plurilinguisme, 2004:</subfield>
    <subfield code="b">p. 9 (Ve Rencontre scientifique du Réseau doctoral européen) p. 4 of cover (V. Réunion scientifique d'un Réseau doctoral européen (7 universités membres))</subfield>
  </datafield>
  <datafield tag="670" ind1=" " ind2=" ">
    <subfield code="a">Pourquoi apprendre des langues? c2006:</subfield>
    <subfield code="b">p. 11 (9ème colloque du Réseau doctoral européen; 9ème recontre)</subfield>
  </datafield>
</record>